<record><leader>00000cas a22000007a 4500</leader><controlfield tag="001">24948286</controlfield><controlfield tag="008">911213d19391940aruwr ne      0    0eng d</controlfield><datafield ind1=" " ind2=" " tag="010"><subfield code="a">sn 91050216 </subfield></datafield><datafield ind1=" " ind2=" " tag="040"><subfield code="a">ANU</subfield><subfield code="b">eng</subfield><subfield code="c">ANU</subfield><subfield code="d">OCLCQ</subfield><subfield code="d">OCLCF</subfield><subfield code="d">OCLCO</subfield></datafield><datafield ind1="1" ind2=" " tag="029"><subfield code="a">AU@</subfield><subfield code="b">000025861632</subfield></datafield><datafield ind1=" " ind2=" " tag="042"><subfield code="a">msc</subfield></datafield><datafield ind1=" " ind2=" " tag="043"><subfield code="a">n-us-ar</subfield></datafield><datafield ind1="0" ind2="4" tag="245"><subfield code="a">The Times and the headlight.</subfield></datafield><datafield ind1="1" ind2="7" tag="246"><subfield code="a">Heber Springs times-headlight</subfield></datafield><datafield ind1=" " ind2=" " tag="260"><subfield code="a">Heber Springs, Cleburne County, Ark. :</subfield><subfield code="b">Lewis B. Massey</subfield></datafield><datafield ind1=" " ind2=" " tag="300"><subfield code="a">v.</subfield></datafield><datafield ind1=" " ind2=" " tag="310"><subfield code="a">Weekly</subfield></datafield><datafield ind1="0" ind2=" " tag="362"><subfield code="a">Vol. 52, no. 21 (July 27, 1939)-v. 53, no. 17 (June 20, 1940).</subfield></datafield><datafield ind1=" " ind2="0" tag="651"><subfield code="a">Heber Springs (Ark.)</subfield><subfield code="v">Newspapers.</subfield></datafield><datafield ind1=" " ind2="7" tag="655"><subfield code="a">Newspapers.</subfield><subfield code="2">fast</subfield><subfield code="0">(OCoLC)fst01423814</subfield></datafield><datafield ind1=" " ind2="7" tag="651"><subfield code="a">Arkansas</subfield><subfield code="z">Heber Springs.</subfield><subfield code="2">fast</subfield><subfield code="0">(OCoLC)fst01234734</subfield></datafield><datafield ind1=" " ind2=" " tag="752"><subfield code="a">United States</subfield><subfield code="b">Arkansas</subfield><subfield code="c">Cleburne</subfield><subfield code="d">Heber Springs.</subfield></datafield><datafield ind1="0" ind2="0" tag="780"><subfield code="t">Heber Springs times and the headlight</subfield><subfield code="w">(DLC)sn 91050199</subfield></datafield><datafield ind1="0" ind2="0" tag="785"><subfield code="t">Cleburne County times (Heber Springs, Ark. : 1940)</subfield><subfield code="w">(DLC)sn 90050086</subfield></datafield></record>